%! Author = amer
%! Date = 18/08/2022

